<?xml version="1.0" encoding="UTF-8"?><collection xmlns="http://www.loc.gov/MARC21/slim"><record><leader>00466nam--2200133-i-4500</leader><controlfield tag="001">000014384</controlfield><controlfield tag="002">20161230</controlfield><controlfield tag="005">20161230201030</controlfield><controlfield tag="008">060222s1000------------r-----000-0-eng-d</controlfield><datafield ind1=" " ind2=" " tag="080"><subfield code="a">547:54.057</subfield></datafield><datafield ind1=" " ind2=" " tag="245"><subfield code="a">Organic synthesis today and tomorow. proceedings of the 3rd iupav symposium on organic synthesis madison, wisconsin, usa, 15-20 june, 1980</subfield></datafield><datafield ind1=" " ind2=" " tag="260"><subfield code="a">Oxford, Pergamon Press, 1980 X + 354 P</subfield></datafield><datafield ind1=" " ind2=" " tag="700"><subfield code="a">Barry, M. Trost And Hutchinson, Richard C</subfield></datafield><datafield ind1=" " ind2=" " tag="852"><subfield code="a">70773</subfield></datafield></record></collection>